@inproceedings{kindy2011survey,
  title={A survey on SQL injection: Vulnerabilities, attacks, and prevention techniques},
  author={Kindy, Diallo Abdoulaye and Pathan, Al-Sakib Khan},
  booktitle={2011 IEEE 15th international symposium on consumer electronics (ISCE)},
  pages={468--471},
  year={2011},
  organization={IEEE}
}

@book{clarke2009sql,
  title={SQL injection attacks and defense},
  author={Clarke-Salt, Justin},
  year={2009},
  publisher={Elsevier}
}

@inproceedings{jana2020code,
  title={Code-based Analysis Approach to Detect and Prevent SQL Injection Attacks},
  author={Jana, Angshuman and Maity, Dipendu},
  booktitle={2020 11th International Conference on Computing, Communication and Networking Technologies (ICCCNT)},
  pages={1--6},
  year={2020},
  organization={IEEE}
}

@inproceedings{ma2019research,
  title={Research on SQL Injection Attack and Prevention Technology Based on Web},
  author={Ma, Limei and Zhao, Dongmei and Gao, Yijun and Zhao, Chen},
  booktitle={2019 International Conference on Computer Network, Electronic and Automation (ICCNEA)},
  pages={176--179},
  year={2019},
  organization={IEEE}
}

@inproceedings{chen2019research,
  title={Research on SQL injection and defense technology},
  author={Chen, Zongshi and Li, Mohan and Cui, Xiang and Sun, Yanbin},
  booktitle={International Conference on Artificial Intelligence and Security},
  pages={191--201},
  year={2019},
  organization={Springer}
}

@inproceedings{jana2020code,
  title={Code-based Analysis Approach to Detect and Prevent SQL Injection Attacks},
  author={Jana, Angshuman and Maity, Dipendu},
  booktitle={2020 11th International Conference on Computing, Communication and Networking Technologies (ICCCNT)},
  pages={1--6},
  year={2020},
  organization={IEEE}
}